%% This BibTeX bibliography file was created using BibDesk.
%% http://bibdesk.sourceforge.net/

%% Created for Niclas Olsson at 2017-04-17 17:48:41 +0200 


%% Saved with string encoding Unicode (UTF-8) 



@article{DummyCitation,
	Author = {DummyAuthor},
	Date-Added = {2017-04-17 15:47:25 +0000},
	Date-Modified = {2017-04-17 15:47:47 +0000},
	Journal = {DummyJournal},
	Title = {DummyTitle},
	Year = {2017}}
